<collection xmlns="http://www.loc.gov/MARC21/slim"><record><leader>00870nam  2200277   450</leader><controlfield tag="001">492</controlfield><controlfield tag="003">http://montalegre.opacnet.com/OPAC/default.aspx?ContentAreaControl=ShowRegHoldings.ascx&amp;RegNo=16662</controlfield><datafield tag="010" ind1=" " ind2=" "><subfield code="a">972-46-0582-5</subfield></datafield><datafield tag="021" ind1=" " ind2=" "><subfield code="a">PT</subfield><subfield code="b">77948/94</subfield></datafield><datafield tag="095" ind1=" " ind2=" "><subfield code="a">PTBN00399666</subfield></datafield><datafield tag="100" ind1=" " ind2=" "><subfield code="a">19921117d1992    m  y0pory010305  ba</subfield></datafield><datafield tag="101" ind1="1" ind2=" "><subfield code="a">por</subfield><subfield code="c">eng</subfield></datafield><datafield tag="102" ind1=" " ind2=" "><subfield code="a">PT</subfield></datafield><datafield tag="105" ind1=" " ind2=" "><subfield code="a">y   z   000ay</subfield></datafield><datafield tag="106" ind1=" " ind2=" "><subfield code="a">r</subfield></datafield><datafield tag="200" ind1="1" ind2=" "><subfield code="a">&lt;O &gt;silêncio dos inocentes</subfield><subfield code="f">Thomas Harris</subfield><subfield code="g">trad. Fernanda pinto Rodrigues</subfield></datafield><datafield tag="205" ind1=" " ind2=" "><subfield code="a">3ª ed</subfield></datafield><datafield tag="210" ind1=" " ind2=" "><subfield code="a">Lisboa</subfield><subfield code="c">Notícias</subfield><subfield code="d">D.L. 1994</subfield></datafield><datafield tag="215" ind1=" " ind2=" "><subfield code="a">375 p.</subfield><subfield code="d">21 cm</subfield></datafield><datafield tag="225" ind1="2" ind2=" "><subfield code="a">Excelsior</subfield></datafield><datafield tag="304" ind1=" " ind2=" "><subfield code="a">Tít. orig. : The silence of the lambs</subfield></datafield><datafield tag="675" ind1=" " ind2=" "><subfield code="a">821.111(73)-31"19"</subfield><subfield code="v">BN</subfield><subfield code="z">por</subfield></datafield><datafield tag="700" ind1=" " ind2="1"><subfield code="a">Harris</subfield><subfield code="b">Thomas</subfield><subfield code="f">1940-</subfield></datafield><datafield tag="702" ind1=" " ind2="1"><subfield code="a">Rodrigues</subfield><subfield code="b">Fernanda Pinto</subfield><subfield code="4">730</subfield></datafield><datafield tag="801" ind1=" " ind2="0"><subfield code="a">PT</subfield><subfield code="b">Biblioteca Municipal de Montalegre</subfield><subfield code="g">RPC</subfield></datafield><datafield tag="856" ind1=" " ind2=" "><subfield code="u">locateMedia.asp?cod=20060517152012&amp;ext=jpg</subfield><subfield code="z">CAPA</subfield></datafield><datafield tag="909" ind1="&#9;" ind2=" "><subfield code="a">1</subfield></datafield><datafield tag="966" ind1=" " ind2=" "><subfield code="a">0009579</subfield><subfield code="l">BMM</subfield><subfield code="s">SCG 821 HAR sil</subfield></datafield></record></collection>